3113 5025
431 310 470 370 6
879 324 1108 371 ARKlv
1151 310 1292 371 Ὲὸῑι
1336 324 1682 373 ΒΟΤΑΝῙΚ.
1773 327 1975 373 BAND
2022 313 2087 374 6.
2178 326 2303 374 mo
2347 313 2409 374 8.

1481 496 1728 545 TAFEL
1763 499 1808 546 3.

599 610 716 676 Fig.
754 614 798 664 7.
872 612 1079 663 Planta
1113 612 1240 663 fert-i
1245 614 1328 662 li1.s
1399 612 1586 678 Ver-gr.
1627 609 1727 671 ΜἸι.

747 680 794 728 8.
865 679 1071 730 Planta
1105 680 1325 731 sterilis.
1399 682 1445 729 V
1447 696 1583 744 ergr.
1623 677 1725 738 ”ll-

635 762 654 786 »
747 748 794 797 9.
865 746 1086 799 Folium
1124 745 1827 811 caulinum.V.e1-gr⁶'⁴l1.

1261 978 1439 1045 Soet.
1486 978 2022 1063 Amblyotkallia.

1091 1140 1396 1197 Pissldens
1431 1143 1923 1199 maschalanthus
1966 1130 2201 1197 MONT.

597 1265 780 1330 Hah.
827 1264 1020 1331 Chile
1059 1264 1382 1329 australis
1427 1286 1642 1349 prope
1685 1264 1878 1329 Lebu
1921 1286 2081 1350 opp.
2114 1266 2186 1330 in
2216 1275 2427 1343 terra;
2476 1266 2565 1331 ad
2596 1266 2855 1331 flumen

427 1365 562 1429 Rio
626 1364 854 1440 Tirua,
924 1364 1112 1429 haud
1179 1366 1416 1449 procul
1480 1364 1571 1429 ab
1636 1366 1814 1429 ostio
1878 1364 2184 1430 fluminis
2236 1367 2303 1429 in
2360 1374 2572 1442 terra;
2640 1386 2854 1450 prope

428 1466 686 1531 Puerto
739 1466 972 1530 Montt
1015 1466 1086 1529 in
1131 1467 1316 1530 saxis
1363 1466 1819 1550 rupibusque;
1868 1466 1959 1529 ad
2004 1466 2261 1531 Puerto
2303 1466 2543 1543 VaraS,
2592 1467 2663 1531 in
2708 1468 2854 1551 ripa

431 1567 720 1633 australi
763 1567 954 1632 lacus
996 1567 1432 1651 Llanquihue
1475 1569 1709 1640 situm,
1756 1570 1830 1633 in
1874 1575 2058 1632 terra
2100 1569 2507 1651 graminosa.

598 1668 982 1753 Patagonia
1025 1667 1470 1733 accidentalis
1515 1670 1587 1732 in
1634 1668 1811 1733 valle
1856 1668 2159 1733 fluminis
2224 1668 2357 1732 Rio
2402 1668 2635 1753 Aysen
2665 1668 2853 1733 haud

432 1768 672 1852 procul
716 1769 807 1832 ab
852 1770 1031 1833 ostio
1075 1769 1380 1833 fluminis
1426 1771 1496 1833 in
1541 1768 1717 1835 silva
1762 1771 2115 1854 primaeva
2158 1768 2251 1834 ad
2294 1778 2569 1834 terram.

1137 2016 1442 2071 Fissldens
1487 2016 1887 2085 cumps-lopus
1930 2004 2168 2069 MONT.

598 2137 781 2203 Hab.
830 2138 1068 2204 Chile
1112 2138 1531 2204 australis
1576 2138 1665 2203 ad
1710 2137 1835 2203 lae.
1884 2138 2319 2222 Lla-nquihue
2361 2139 2431 2202 in
2479 2146 2684 2202 terra.

1329 2374 1507 2441 Sect.
1556 2374 1948 2439 Ser-ridium.

1037 2538 1342 2593 Pissidens
1385 2538 1765 2593 adiantoides
1812 2525 1945 2606 (L.)
1994 2526 2253 2590 HEDW.

599 2659 782 2724 Hab.
830 2660 887 2725 F
901 2682 946 2724 u
960 2681 998 2725 e
1013 2663 1152 2745 gia
1207 2683 1249 2725 a
1265 2682 1310 2724 u
1325 2681 1356 2725 s
1372 2671 1403 2725 t
1419 2681 1452 2724 1·
1467 2661 1544 2724 al
1562 2661 1629 2725 is
1686 2661 1755 2724 in
1803 2660 1981 2725 valle
2026 2661 2327 2724 fluminis
2372 2659 2736 2744 Azopardo
2783 2660 2853 2723 in

431 2765 618 2824 terra
661 2759 1020 2845 uliginosa.

918 3045 1214 3130 Subgen.
1265 3049 1725 3116 Octodioeras
1772 3047 2042 3126 (an.)
2090 3047 2365 3111 BRo‘rH.

971 3209 1276 3264 Fissidens
1320 3209 1590 3290 Boi-terii
1636 3198 1934 3276 (MONT.)
1982 3198 2051 3261 C.
2100 3197 2322 3260 MULL.

599 3329 1057 3416 Patagonia
1101 3329 1783 3416 septentrionalis
1833 3332 1899 3395 in
1931 3331 2214 3396 flumine
2245 3330 2379 3395 Rio
2408 3331 2638 3416 Negro
2670 3331 2857 3396 haud

433 3430 674 3514 procul
717 3453 760 3495 a
792 3430 1052 3497 Choele
1097 3432 1305 3498 Choel
1353 3434 1422 3497 in
1467 3434 1732 3497 truncis
1779 3434 2125 3514 ramisque
2169 3433 2555 3498 submersis.

933 3679 1238 3734 Flssldens
1283 3679 1536 3734 Dillenli
1583 3667 1715 3748 (LA
1759 3667 1964 3746 PYL.)
2008 3667 2079 3732 C.
2127 3667 2355 3732 MCLL.

601 3801 839 3867 Chile
883 3779 1302 3866 australis
1345 3801 1436 3866 ad
1480 3804 1699 3885 ripam
1745 3802 2147 3866 orientalem
2193 3801 2381 3866 lacus
2425 3800 2859 3884 Llanquihue

435 3903 504 3966 in
551 3903 736 3966 saxis
779 3903 1168 3966 submersis,

606 4003 742 4066 Auf
797 4001 922 4068 das
978 4003 1349 4088 Klarlegen
1392 4003 1514 4067 der
1560 4002 2695 4068 Verwandtsehafts-Verhiiltnisse
2736 4003 2860 4066 der

435 4103 582 4167 hier
625 4103 737 4167 fiir
779 4103 892 4168 die
921 4103 1418 4168 Wissensehaft
1447 4103 1550 4169 als
1578 4125 1714 4168 neu
1746 4103 2231 4188 aufgestellten
2261 4102 2855 4168 Fiesidens-Arten

439 4204 618 4269 habe
659 4205 772 4270 ich
815 4225 1047 4288 wegen
1092 4205 1214 4270 der
1257 4207 1623 4291 ungemein
1668 4225 1949 4289 grossen
1995 4205 2371 4270 Artenzahl
2412 4203 2633 4267 dieser
2688 4202 2855 4267 Gat-

436 4311 614 4388 tung
677 4304 820 4369 und
884 4305 1008 4370 der
1071 4305 1581 4389 Sehwieri'gkeit
1645 4305 1772 4369 das
1828 4302 2533 4389 Vergleiehsmaterial
2576 4323 2661 4366 zu
2708 4323 2857 4366 ver-

431 4404 747 4470 schaffen
791 4405 1184 4470 verzichten
1222 4409 1516 4471 miissen.
1592 4405 1857 4472 Jedooh
1888 4406 2068 4470 habe
2099 4406 2208 4470 ieh
2239 4406 2350 4469 die
2378 4403 2853 4468 betreffenden

435 4504 652 4569 Arten
674 4506 802 4570 mit
823 4505 960 4570 den
985 4505 1583 4589 Besehreibungen
1603 4505 1725 4570 der
1745 4505 2462 4570 siidamerikanisehen
2480 4505 2859 4570 Fissidens-
